@inproceedings{nielsen1990heuristic,
  title={Heuristic evaluation of user interfaces},
  author={Nielsen, Jakob and Molich, Rolf},
  booktitle={Proceedings of the SIGCHI conference on Human factors in computing systems},
  pages={249--256},
  year={1990},
  organization={ACM}
}

@misc{vrs2017origin, 
title={How did virtual reality begin?}, 
url={https://www.vrs.org.uk/virtual-reality/beginning.html}, 
journal={Virtual Reality Society}

}

@inproceedings{porcino2017minimizing,
  title={Minimizing cyber sickness in head mounted display systems: design guidelines and applications},
  author={Porcino, Thiago M and Clua, Esteban and Trevisan, Daniela and Vasconcelos, Cristina N and Valente, Luis},
  booktitle={Serious Games and Applications for Health (SeGAH), 2017 IEEE 5th International Conference on},
  pages={1--6},
  year={2017},
  organization={IEEE}
}

@techreport{gower1989simulator,
  title={Simulator sickness in the UH-60 (Black Hawk) flight simulator},
  author={Gower Jr, Daniel W and Fowlkes, Jennifer},
  year={1989},
  institution={ARMY AEROMEDICAL RESEARCH LAB FORT RUCKER AL}
}